@book{ross2014introduction,
  title={Introduction to Probability Models},
  author={Ross, Sheldon M.},
  year={2014},
  publisher={Academic Press},
  edition={11th}
}

@book{norris1998markov,
  title={Markov Chains},
  author={Norris, James R.},
  year={1998},
  publisher={Cambridge University Press},
  series={Cambridge Series in Statistical and Probabilistic Mathematics}
}

@book{grimmett2001probability,
  title={Probability and Random Processes},
  author={Grimmett, Geoffrey R. and Stirzaker, David R.},
  year={2001},
  publisher={Oxford University Press},
  edition={3rd}
}

@misc{kaggle_telco_churn,
  author={Blastchar},
  title={{Telco Customer Churn}},
  howpublished={Kaggle},
  year={2018},
  note={Diakses pada 7 Juni 2025. Tersedia di: \url{https://www.kaggle.com/datasets/blastchar/telco-customer-churn}}
}

@article{pfeifer2002customer,
  title={A simple model for predicting customer lifetime value using the {P}areto/{NBD} and {M}arkov chain models},
  author={Pfeifer, Phillip E. and Carraway, Robert L.},
  journal={Journal of Interactive Marketing},
  volume={14},
  number={2},
  pages={47--58},
  year={2000},
  publisher={Wiley Online Library}
}

@article{gusev2019markov,
  title={A {M}arkov chain-based model for customer churn prediction in telecommunication services},
  author={Gusev, Marjan},
  journal={Informatics},
  volume={6},
  number={4},
  pages={44},
  year={2019},
  publisher={MDPI}
}